<record><leader>00000cas a2200000 a 4500</leader><controlfield tag="001">9377961</controlfield><controlfield tag="008">830405d18401843ohuwr ne      0    0eng c</controlfield><datafield ind1=" " ind2=" " tag="010"><subfield code="a">sn 83035048 </subfield></datafield><datafield ind1=" " ind2=" " tag="040"><subfield code="a">NPY</subfield><subfield code="b">eng</subfield><subfield code="c">NPY</subfield><subfield code="d">DLC</subfield><subfield code="d">NPU</subfield><subfield code="d">ONP</subfield><subfield code="d">OCL</subfield><subfield code="d">CVF</subfield><subfield code="d">KRTAS</subfield><subfield code="d">OCLCQ</subfield><subfield code="d">OCLCF</subfield><subfield code="d">OCLCO</subfield></datafield><datafield ind1="1" ind2=" " tag="029"><subfield code="a">AU@</subfield><subfield code="b">000020265857</subfield></datafield><datafield ind1=" " ind2=" " tag="042"><subfield code="a">pcc</subfield></datafield><datafield ind1=" " ind2=" " tag="043"><subfield code="a">n-us-oh</subfield></datafield><datafield ind1="0" ind2="0" tag="050"><subfield code="a">Newspaper 9326</subfield></datafield><datafield ind1="0" ind2="0" tag="245"><subfield code="a">Western Reserve cabinet and family visiter.</subfield></datafield><datafield ind1="3" ind2="0" tag="246"><subfield code="a">Western Reserve cabinet and family visitor</subfield></datafield><datafield ind1="1" ind2="3" tag="246"><subfield code="a">Cabinet &amp; visiter</subfield></datafield><datafield ind1=" " ind2=" " tag="260"><subfield code="a">Ravenna, Ohio :</subfield><subfield code="b">L.W. Hall,</subfield><subfield code="c">1840-1843.</subfield></datafield><datafield ind1=" " ind2=" " tag="300"><subfield code="a">v.</subfield></datafield><datafield ind1=" " ind2=" " tag="310"><subfield code="a">Weekly</subfield></datafield><datafield ind1="0" ind2=" " tag="362"><subfield code="a">Vol. 1, no. 1 (Jan. 1, 1840)-v. 3, no. 52 (Feb. 21, 1843).</subfield></datafield><datafield ind1=" " ind2=" " tag="500"><subfield code="a">"Devoted to religious and moral instruction, without being secterian, to the general political news of the day, without being partizan, to agriculture, literature, science, common school education, the moral and benevolent enterprises of the day and general intelligence, both foreign and domestic."</subfield></datafield><datafield ind1=" " ind2=" " tag="515"><subfield code="a">Not published Jan. 1-Mar. 5, 1840; regular weekly publication commenced with Mar. 19, 1840 issue.</subfield></datafield><datafield ind1=" " ind2=" " tag="515"><subfield code="a">Vols. for Mar. 4, 1841-Feb. 21, 1843 called also whole no. 53-156.</subfield></datafield><datafield ind1=" " ind2=" " tag="555"><subfield code="a">Subject index: Vol. 1 (1840-1841) in v. 1, no. 52.</subfield></datafield><datafield ind1=" " ind2="0" tag="651"><subfield code="a">Ravenna (Ohio)</subfield><subfield code="v">Newspapers.</subfield></datafield><datafield ind1=" " ind2="0" tag="651"><subfield code="a">Portage County (Ohio)</subfield><subfield code="v">Newspapers.</subfield></datafield><datafield ind1=" " ind2="7" tag="655"><subfield code="a">Newspapers.</subfield><subfield code="2">fast</subfield><subfield code="0">(OCoLC)fst01423814</subfield></datafield><datafield ind1=" " ind2="7" tag="651"><subfield code="a">Ohio</subfield><subfield code="z">Portage County.</subfield><subfield code="2">fast</subfield><subfield code="0">(OCoLC)fst01206645</subfield></datafield><datafield ind1=" " ind2="7" tag="651"><subfield code="a">Ohio</subfield><subfield code="z">Ravenna.</subfield><subfield code="2">fast</subfield><subfield code="0">(OCoLC)fst01235760</subfield></datafield><datafield ind1=" " ind2=" " tag="752"><subfield code="a">United States</subfield><subfield code="b">Ohio</subfield><subfield code="c">Portage</subfield><subfield code="d">Ravenna.</subfield></datafield><datafield ind1=" " ind2=" " tag="938"><subfield code="a">Kirtas Technologies, Inc.</subfield><subfield code="b">KRTS</subfield><subfield code="n">736439</subfield></datafield></record>